<?xml version="1.0" encoding="UTF-8"?><collection xmlns="http://www.loc.gov/MARC21/slim"><record><leader>00333nam--2200121-i-4500</leader><controlfield tag="001">000021295</controlfield><controlfield tag="002">20161230</controlfield><controlfield tag="005">20161230201034</controlfield><controlfield tag="008">060222s1000------------r-----000-0-eng-d</controlfield><datafield ind1=" " ind2=" " tag="100"><subfield code="a">Ingersoll, Leonard Rose And M.Jay Martin</subfield></datafield><datafield ind1=" " ind2=" " tag="245"><subfield code="a">A laboratory manual of experiments in physics</subfield></datafield><datafield ind1=" " ind2=" " tag="260"><subfield code="a">New York, Mcgraw Hill, 1942</subfield></datafield><datafield ind1=" " ind2=" " tag="852"><subfield code="a">1050</subfield></datafield></record></collection>